@manual{sdi12_datasheet,
  title        = {{SDI-12}: A Serial-Digital Interface Standard for Microprocessor-Based Sensors},
  author       = {{SDI-12 Support Group}},
  year         = {2019},
  month        = jan,
  address      = {River Heights, Utah},
  note         = {Version 1.4},
  organization = {{SDI-12 Support Group}},
  url          = {http://www.sdi-12.org}
}
